@misc{Kyrnin2017,
	author      = {KYRNIN Jennifer},
	title       = {Co je typografie?},
	howpublished= {[online]},
	year        = {rev. 7. května 2017},
	note        = {[viděno 14. dubna 2022, 18:28]},
	url         = {https://cs.eyewated.com/co-je-typografie/},
}

@misc{Souvislosti1999,
	author      = {Štorm František},
	title       = {Slovo v prostoru: Typografie},
	howpublished= {[online]},
	chapter     = {Co se dá ještě napsat o typografii?},
	note        = {[viděno 14. dubna 2022, 18:55]},
	url         = {http://sazba.cz/typoglosy/typoblok.pdf},
}

@book{Knytl2020,
	author     = {KNYTL Martin},
	title      = {Typografie \& odborný text: průvodce pro zpracování nejen závěrečných prací},
	chapter    = {ÚVOD DO TYPOGRAFIE A ODBORNÉHO TEXTU},
	publisher  = {nakladatelství Univerzity Hradec Králové, Gaudeamus},
	address    = {Hradec Králové},
	year       = {2020},
	edition    = {1},
	ISBN       = {978-80-7435-813-5},
}

@mastersthesis{Cvingrafova2011,
    author  = {CVINGRÁFOVÁ Eliška},
    title   = {Základy typografie},
    address = {Brno},
    year    = {2011},
    school  = {Masarykova Univerzita. Pedagogická Fakulta. Katedra chemie},
    type    = {Bakalářská práce},
}

@article{berger1996johann,
  title     ={Johann Gutenberg: The Man and His Invention. By Albert Kapr. Translated by Douglas Martin. Aldershot, Hants.: Scolar Press. 1996. Pp. 317. \$45.00. ISBN 1-85928-114-1.},
  author    ={Berger, Sidney E},
  journal   ={Central European History},
  volume    ={29},
  number    ={4},
  pages     ={573--576},
  year      ={1996},
  publisher ={Cambridge University Press}
}

@article{arditi2005serifs,
  title     ={Serifs and font legibility},
  author    ={Arditi, Aries and Cho, Jianna},
  journal   ={Vision research},
  volume    ={45},
  number    ={23},
  pages     ={2926--2933},
  year      ={2005},
  publisher ={Elsevier}
}

@article{stone2017converting,
  title     ={Converting Between Tex or LaTeX and Word [From the Screen of Stone]},
  author    ={Stone, W Ross},
  journal   ={IEEE Antennas and Propagation Magazine},
  volume    ={59},
  number    ={4},
  pages     ={121--123},
  year      ={2017},
  publisher ={IEEE}
}

@misc{miktex,
	author      = {PINTERIC Marko},
	title       = {Using LaTeX on Windows},
	howpublished= {[online]},
	chapter     = {Why would someone use LaTeX instead of Word in the first place?},
	year        = {rev. 9. dubna 2021},
	note        = {[viděno 14. dubna 2022, 22:12]},
	url         = {https://www.pinteric.com/miktex.html},
}

@mastersthesis{Sirucek2006,
    author  = {SIRŮČEK Michal},
    title   = {Pravidla české digitální typografie},
    address = {Praha},
    year    = {2006},
    school  = {Vysoká škola ekonomická v Praze. Fakulta informatiky a statistiky. Studijní obor: aplikovaná informatika},
    type    = {Bakalářská práce},
}

@book{Gratzer1996,
	author     = {GRÄTZER George},
	title      = {Math into \LaTeX, An Introduction to \LaTeX\;and $\mathcal{A_MS}$-\LaTeX},
	chapter    = {Typesetting Mathematics},
	publisher  = {Birkhäuser Boston},
	address    = {Winnipeg, Manitoba, Canada},
	year       = {1996},
	edition    = {1},
	ISBN       = {0-8176-3805-9},
}